<?xml version="1.0" encoding="UTF-8"?><collection xmlns="http://www.loc.gov/MARC21/slim"><record><leader>00592nam--2200193-i-4500</leader><controlfield tag="001">000013647</controlfield><controlfield tag="002">20161230</controlfield><controlfield tag="005">20161230201030</controlfield><controlfield tag="008">060222s1000------------r-----000-0-eng-d</controlfield><datafield ind1=" " ind2=" " tag="020"><subfield code="a">0851865909</subfield></datafield><datafield ind1=" " ind2=" " tag="040"><subfield code="a">IFIN-HH</subfield></datafield><datafield ind1=" " ind2=" " tag="080"><subfield code="a">541.14(082.1)</subfield></datafield><datafield ind1="1" ind2=" " tag="100"><subfield code="a">Bryce-smith, D</subfield></datafield><datafield ind1="1" ind2="0" tag="245"><subfield code="a">Photochemistry. volume 10</subfield><subfield code="b">A review of the literature published between july 1977 and june 1978</subfield><subfield code="c">D. BRYCE-SMITH (Senior Reporter)</subfield></datafield><datafield ind1=" " ind2=" " tag="260"><subfield code="a">London</subfield><subfield code="b">The Chemical Society</subfield><subfield code="c">1979</subfield></datafield><datafield ind1=" " ind2=" " tag="300"><subfield code="a">717p</subfield></datafield><datafield ind1=" " ind2=" " tag="490"><subfield code="a">Specialist Periodical Report</subfield></datafield><datafield ind1=" " ind2=" " tag="852"><subfield code="a">36012</subfield><subfield code="c">541.14</subfield></datafield><datafield ind1=" " ind2=" " tag="CAT"><subfield code="a">Sys</subfield><subfield code="c">20101115</subfield><subfield code="h">122456</subfield></datafield></record></collection>